<?xml version="1.0" encoding="UTF-8"?><collection xmlns="http://www.loc.gov/MARC21/slim"><record><leader>00488nam--2200157-i-4500</leader><controlfield tag="001">000030276</controlfield><controlfield tag="002">20161230</controlfield><controlfield tag="005">20170102212154</controlfield><controlfield tag="008">060222s1000------------r-----000-0-eng-d</controlfield><datafield ind1=" " ind2=" " tag="080"><subfield code="a">621.375.826(043)</subfield></datafield><datafield ind1=" " ind2=" " tag="100"><subfield code="a">Lupu, Calin</subfield></datafield><datafield ind1=" " ind2=" " tag="245"><subfield code="a">Contributii la studiul si realizarea laserilor cu yag: nd cu comutarea rapida</subfield><subfield code="b">Teza</subfield><subfield code="c">conducator stiintific: dr. Lupei Voicu</subfield></datafield><datafield ind1=" " ind2=" " tag="260"><subfield code="a">Bucuresti</subfield><subfield code="b">Inst.Central De Fizica</subfield><subfield code="c">1989</subfield></datafield><datafield ind1=" " ind2=" " tag="300"><subfield code="a">174 p</subfield></datafield><datafield ind1=" " ind2=" " tag="852"><subfield code="a">74945</subfield></datafield><datafield ind1=" " ind2=" " tag="CAT"><subfield code="a">SYS</subfield><subfield code="c">20170102</subfield><subfield code="h">212154</subfield></datafield></record></collection>